@inproceedings{ge2010energy,
author = {Ge, Yong and Xiong, Hui and Tuzhilin, Alexander and Xiao, Keli and Gruteser, Marco and Pazzani, Michael},
title = {An Energy-Efficient Mobile Recommender System},
year = {2010},
publisher = {Association for Computing Machinery},
booktitle = {Proceedings of the 16th ACM SIGKDD International Conference on Knowledge Discovery and Data Mining},
pages = {899--908},
numpages = {10},
}

@ARTICLE{ferreira2013visual, author={Ferreira, Nivan and Poco, Jorge and Vo, Huy T. and Freire, Juliana and Silva, Cláudio T.}, journal={IEEE Transactions on Visualization and Computer Graphics}, title={Visual Exploration of Big Spatio-Temporal Urban Data: A Study of New York City Taxi Trips}, year={2013}, volume={19}, number={12}, pages={2149--2158}}

@inproceedings{veloso2011exploratory,
author = {Veloso, Marco and Phithakkitnukoon, Santi and Bento, Carlos and Olivier, Patrick and Gil Fonseca, Nuno},
year = {2011},
pages = {},
title = {Exploratory Study of Urban Flow using Taxi Traces}
}

@article{liang2012scaling,
title = {The scaling of human mobility by taxis is exponential},
journal = {Physica A: Statistical Mechanics and its Applications},
volume = {391},
number = {5},
pages = {2135--2144},
year = {2012},
author = {Xiao Liang and Xudong Zheng and Weifeng Lv and Tongyu Zhu and Ke Xu}
}

@article{peng2012collective,
author = {Peng, Chengbin AND Jin, Xiaogang AND Wong, Ka-Chun AND Shi, Meixia AND Liò, Pietro},
journal = {PLOS ONE},
publisher = {Public Library of Science},
title = {Collective Human Mobility Pattern from Taxi Trips in Urban Area},
year = {2012},
volume = {7},
pages = {1--8},
number = {4},

}

@Article{yuqin2021spatio,
AUTHOR = {Jiang, Yuqin and Huang, Xiao and Li, Zhenlong},
TITLE = {Spatiotemporal Patterns of Human Mobility and Its Association with Land Use Types during COVID-19 in New York City},
JOURNAL = {ISPRS International Journal of Geo-Information},
VOLUME = {10},
YEAR = {2021},
NUMBER = {5},
ARTICLE-NUMBER = {344}
}

@article{maite2011lexicon,
author = {Taboada, Maite and Brooke, Julian and Tofiloski, Milan and Voll, Kimberly and Stede, Manfred},
year = {2011},
pages = {267--307},
title = {Lexicon-Based Methods for Sentiment Analysis},
volume = {37},
journal = {Computational Linguistics},
}

@article{M_ntyl__2018,
title={The evolution of sentiment analysis—A review of research topics, venues, and top cited papers},
volume={27},
journal={Computer Science Review},
publisher={Elsevier BV},
author={Mäntylä, Mika V. and Graziotin, Daniel and Kuutila, Miikka},
year={2018},
pages={16--32}
}

@article{giachanou2016like,
author = {Giachanou, Anastasia and Crestani, Fabio},
title = {Like It or Not: A Survey of Twitter Sentiment Analysis Methods},
year = {2016},
publisher = {Association for Computing Machinery},
volume = {49},
number = {2},
journal = {ACM Comput. Surv.},
numpages = {41},
keywords = {microblogs, twitter, Sentiment analysis, opinion mining}
}

@article{bo2008opinion,
author = {Pang, Bo and Lee, Lillian},
year = {2008},
pages = {1--135},
title = {Opinion Mining and Sentiment Analysis},
volume = {2},
journal = {Foundations and Trends in Information Retrieval}
}

@ARTICLE{miranda2017Urban,
  author={Miranda, Fabio and Doraiswamy, Harish and Lage, Marcos and Zhao, Kai and Gonçalves, Bruno and Wilson, Luc and Hsieh, Mondrian and Silva, Cláudio T.},
  journal={IEEE Transactions on Visualization and Computer Graphics}, 
  title={Urban Pulse: Capturing the Rhythm of Cities}, 
  year={2017},
  volume={23},
  number={1},
  pages={791--800}}
  
  
@article{yang2021urban,
title={Urban design attributes and resilience: COVID-19 evidence from New York City},
author={Yang, Yang and Li, Yihong and Kral, Katharina and Hupert, Nathaniel and Dogan, Timur},
journal={Buildings and Cities},
volume={2},
number={1},
year={2021},
publisher={Ubiquity Press}
}



@article{xlmroberta,
  author    = {Alexis Conneau and
               Kartikay Khandelwal and
               Naman Goyal and
               Vishrav Chaudhary and
               Guillaume Wenzek and
               Francisco Guzm{\'{a}}n and
               Edouard Grave and
               Myle Ott and
               Luke Zettlemoyer and
               Veselin Stoyanov},
  title     = {Unsupervised Cross-lingual Representation Learning at Scale},
  journal   = {CoRR},
  volume    = {abs/1911.02116},
  year      = {2019},
  url       = {http://arxiv.org/abs/1911.02116},
  eprinttype = {arXiv},
  eprint    = {1911.02116},
  timestamp = {Mon, 11 Nov 2019 18:38:09 +0100},
  biburl    = {https://dblp.org/rec/journals/corr/abs-1911-02116.bib},
  bibsource = {dblp computer science bibliography, https://dblp.org}
}



@misc{ripser,
  author = {Christopher Tralie and Nathaniel Saul},
  title = {{Ripser TDA Python Package}},
  howpublished = "\url{https://ripser.scikit-tda.org/en/latest/}",
  year = {2019}
}

@misc{gensim,
  author = {Radim Řehůřek},
  title = {{Gensim Topic Modeling}},
  howpublished = "\url{https://radimrehurek.com/gensim/}",
  year = {2009}
}

@misc{tribecanews,
  author = {Tribeca Citizen},
  title = {{Halloween: The Biggest Day of the Year in Tribeca}},
  howpublished = "\url{https://tribecacitizen.com/2010/10/27/halloween-the-biggest-day-of-the-year-in-tribeca/}",
  year = {2010}
}
